@article{key1989,
  author  = {Author, A. and Coauthor, B.},
  title   = {Title},
  journal = {Journal Name},
  year    = {1989},
  volume  = {1},
  pages   = {1--10}
}